@article{hentschel07acceptance,
  author = {Hentschel, J. and Paton, J.A. and Schneider, H. and Heinrichs, J.},
  title = {Acceptance of Liochlaena Nees and Solenostoma Mitt., the systematic position of Eremonotus Pearson and notes on Jungermannia L. s.l. (Jungermanniidae) based on chloroplast    DNA sequence data},
  journal = {Plant Systematics and Evolution},
  year = {2007},
  volume = {268},
  number = {1--4},
  pages = {147--157}}

@misc{biodiversa,
  title = {Biodiversa},
  howpublished = {\url{http://www.biodiversa.org/}},
  note = {Accessed: 2014-08-29}
}

@misc{pubmed,
  title = {PubMed},
  howpublished = {\url{http://www.ncbi.nlm.nih.gov/pubmed}},
  note = {Accessed: 2014-08-29}
}

@book{antonymy02perspective,
  author = {Jones, S. Antonymy},
  title = {A corpus-based perspective},
  publisher = {Routledge},
  address = {London},
  year = {2002}}

@article{justeson01cooccurence,
  author = {Justeson, J. and Katz, S},
  title = {Co-occurrence of antonymous adjectives and their contexts},
  journal = {Computational Linguistics},
  year = {1991},
  volume = {17},
  number = {1},
  pages = {1--19}}

@inproceedings{ounis00flidar,
  author = {Ounis, A. and Cerovic, Z.G. and Briantais, J.M. and Moya, I.},
  title = {{DE-FLIDAR}: a new remote sensing instrument for estimation of epidermal {UV} absorption in leaves and canopies},
  booktitle = {Proceedings of EARSeL-SIG-Workshop LIDAR},
  address = {Dresden/FRG},
  month = {June 16--17},
  year = {2000}}

@book{r-project,
  author = {R Core Team},
  title = {{R}: A language and environment for statistical computing},
  publisher = {R Foundation for Statistical Computing},
  address = {Vienna, Austria},
  year = {2013},
  note = {\url{http://www.R-project.org}}}

@book{sinclair91corpus,
  author = {Sinclair, J.},
  title = {Corpus, concordance, collocation},
  publisher = {Oxford University Press},
  address = {Oxford},
  year = {1991}}

@inproceedings{wood92artifacts,
  author = {Wood, S.L. and Napel, S.},
  title = {Artifacts and illusions in surface and volume rendering},
  booktitle = {Engineering in Medicine and Biology Society, 1992 14th Annual International Conference of the IEEE},
  year = {1992},
  volume = {5},
  pages = {2091--2092}}
