@article{robinson2018,
  title = {The Dat Project, an open and decentralized research data tool},
  volume = {5},
  rights = {2018 Nature Publishing Group},
  url = {https://www.nature.com/articles/sdata2018221/},
  doi = {10.1038/sdata.2018.221},
  pages = {180221},
  journal = {Scientific Data},
  author = {Robinson, Danielle C. and Hand, Joe A. and Madsen, Mathias Buus and {McKelvey}, Karissa R.},
  urldate = {2019-05-17},
  date = {2018-10-23},
  year = {2018},
  langid = {english},
  keywords = {dat, p2p},
}

@article{davidson2008,
  title = {Humanities 2.0: Promise, Perils, Predictions},
  volume = {123},
  url = {http://www.mlajournals.org/doi/abs/10.1632/pmla.2008.123.3.707},
  doi = {10.1632/pmla.2008.123.3.707},
  shorttitle = {Humanities 2.0},
  pages = {707--717},
  number = {3},
  journal = {{PMLA}},
  author = {Davidson, Cathy N.},
  urldate = {2020-01-14},
  date = {2008-05},
  year = {2008},
  langid = {english},
}

@inproceedings{sanderson2013,
  location = {Paris, France},
  title = {Designing the {W3C} open annotation data model},
  url = {http://dl.acm.org/citation.cfm?doid=2464464.2464474},
  doi = {10.1145/2464464.2464474},
  eventtitle = {the 5th Annual {ACM} Web Science Conference},
  pages = {366--375},
  booktitle = {Proceedings of the 5th Annual {ACM} Web Science Conference on - {WebSci} '13},
  publisher = {{ACM} Press},
  author = {Sanderson, Robert and Ciccarese, Paolo and Van de Sompel, Herbert},
  urldate = {2020-01-15},
  date = {2013},
  year = {2013},
  langid = {english},
}

@inproceedings{marshall1997,
  location = {Philadelphia, Pennsylvania, United States},
  title = {Annotation: from paper books to the digital library},
  url = {http://portal.acm.org/citation.cfm?doid=263690.263806},
  doi = {10.1145/263690.263806},
  shorttitle = {Annotation},
  eventtitle = {the second {ACM} international conference},
  pages = {131--140},
  booktitle = {Proceedings of the second {ACM} international conference on Digital libraries  - {DL} '97},
  publisher = {{ACM} Press},
  author = {Marshall, Catherine C.},
  urldate = {2020-01-15},
  date = {1997},
  year = {1997},
  langid = {english},
}

@article{nowogrodzki2020,
  title = {Eleven tips for working with large data sets},
  volume = {577},
  url = {http://www.nature.com/articles/d41586-020-00062-z},
  doi = {10.1038/d41586-020-00062-z},
  pages = {439--440},
  number = {7790},
  journal = {Nature},
  author = {Nowogrodzki, Anna},
  urldate = {2020-01-22},
  date = {2020-01},
  year = {2020},
  langid = {english},
  keywords = {dat, data, sustainability, versioning, workflows},
}

@inproceedings{kleppmann2019,
  location = {Athens, Greece},
  title = {Local-first software: you own your data, in spite of the cloud},
  url = {http://dl.acm.org/citation.cfm?doid=3359591.3359737},
  doi = {10.1145/3359591.3359737},
  shorttitle = {Local-first software},
  eventtitle = {the 2019 {ACM} {SIGPLAN} International Symposium},
  pages = {154--178},
  booktitle = {Proceedings of the 2019 {ACM} {SIGPLAN} International Symposium on New Ideas, New Paradigms, and Reflections on Programming and Software  - Onward! 2019},
  publisher = {{ACM} Press},
  author = {Kleppmann, Martin and Wiggins, Adam and van Hardenberg, Peter and {McGranaghan}, Mark},
  urldate = {2020-01-22},
  date = {2019},
  year = {2019},
  langid = {english},
  keywords = {automerge, crdt, dat, hypercore, local-first, p2p},
}

@patent{matsubara2010,
  title = {Method and apparatus for peer-to peer access},
  url = {https://patents.google.com/patent/US7769881B2/en},
  holder = {Hitachi Ltd},
  type = {patentus},
  number = {7769881B2},
  author = {Matsubara, Daisuke and Miki, Kazuho},
  urldate = {2020-01-26},
  date = {2010-08-03},
  year = {2010},
  langid = {english},
  keywords = {gateway, network, p2p, peer, server, web},
}

@inproceedings{schollmeier2002,
  location = {Linkoping, Sweden},
  title = {A definition of peer-to-peer networking for the classification of peer-to-peer architectures and applications},
  url = {http://ieeexplore.ieee.org/document/990434/},
  doi = {10.1109/P2P.2001.990434},
  eventtitle = {First International Conference on Peer-to-Peer Computing},
  pages = {101--102},
  booktitle = {Proceedings First International Conference on Peer-to-Peer Computing},
  publisher = {{IEEE} Comput. Soc},
  author = {Schollmeier, R.},
  urldate = {2020-01-30},
  date = {2002},
  year = {2002},
}

@misc{kreps2013,
  title = {The Log: What every software engineer should know about real-time data's unifying abstraction},
  url = {https://engineering.linkedin.com/distributed-systems/log-what-every-software-engineer-should-know-about-real-time-datas-unifying},
  shorttitle = {The Log},
  titleaddon = {{LinkedIn} Engineering},
  type = {Blog},
  author = {Kreps, Jay},
  urldate = {2020-01-30},
  date = {2013-12-16},
  year = {2013},
  langid = {english},
}

@software{kassel2020,
  title = {Hyperwell Gateway},
  url = {https://doi.org/10.5281/zenodo.3631524},
  version = {0.2.0},
  publisher = {Zenodo},
  author = {Ka√üel, Jan},
  date = {2020-01},
  year = {2020},
  doi = {10.5281/zenodo.3631524}
}

@article{legout2007,
  title = {Clustering and sharing incentives in {BitTorrent} systems},
  volume = {35},
  url = {http://portal.acm.org/citation.cfm?doid=1269899.1254919},
  doi = {10.1145/1269899.1254919},
  pages = {301},
  number = {1},
  journal = {{ACM} {SIGMETRICS} Performance Evaluation Review},
  author = {Legout, Arnaud and Liogkas, Nikitas and Kohler, Eddie and Zhang, Lixia},
  urldate = {2020-01-31},
  date = {2007-06-12},
  year = {2007},
  langid = {english},
}

@misc{fair,
  title = {{FAIR}},
  url = {https://www.go-fair.org/fair-principles/},
  urldate = {2020-04-12},
}

@misc{zenodo,
  title = {Zenodo},
  url = {https://zenodo.org/},
  urldate = {2020-04-12},
}

@misc{hal,
  title = {{HAL}},
  url = {https://hal.archives-ouvertes.fr/},
  urldate = {2020-04-12},
}

@misc{git,
  title = {Git},
  url = {https://git-scm.com/},
  urldate = {2020-04-12},
}

@misc{web-anno-data-model,
  title = {{Web} {Annotation} {Data} {Model}},
  url = {https://www.w3.org/TR/annotation-model/},
  urldate = {2020-04-12},
}

@misc{iiif,
  title = {{IIIF}},
  url = {https://iiif.io/},
  urldate = {2020-04-12},
}

@misc{web-anno-protocol,
  title = {{Web} {Annotation} {Protocol}},
  url = {https://www.w3.org/TR/annotation-protocol/},
  urldate = {2020-04-12},
}

@misc{hypermerge,
  title = {hypermerge},
  url = {https://github.com/automerge/hypermerge},
  urldate = {2020-04-12},
}

@misc{automerge,
  title = {automerge},
  url = {https://github.com/automerge/automerge},
  urldate = {2020-04-12},
}

@misc{hypercore,
  title = {hypercore},
  url = {https://github.com/mafintosh/hypercore},
  urldate = {2020-04-12},
}

@misc{hyperswarm,
  title = {hyperswarm},
  url = {https://github.com/hyperswarm/hyperswarm},
  urldate = {2020-04-12},
}
