@article{benet2014,
  title = {{IPFS} - Content Addressed, Versioned, P2P File System},
  url = {http://arxiv.org/abs/1407.3561},
  journaltitle = {{arXiv}:1407.3561 [cs]},
  author = {Benet, Juan},
  urldate = {2019-05-16},
  date = {2014-07-14},
  eprinttype = {arxiv},
  eprint = {1407.3561},
}

@article{robinson2018,
  title = {The Dat Project, an open and decentralized research data tool},
  volume = {5},
  rights = {2018 Nature Publishing Group},
  issn = {2052-4463},
  url = {https://www.nature.com/articles/sdata2018221/},
  doi = {10.1038/sdata.2018.221},
  pages = {180221},
  journaltitle = {Scientific Data},
  author = {Robinson, Danielle C. and Hand, Joe A. and Madsen, Mathias Buus and {McKelvey}, Karissa R.},
  urldate = {2019-05-17},
  date = {2018-10-23},
  langid = {english},
  keywords = {dat, p2p},
}

@article{davidson2008,
  title = {Humanities 2.0: Promise, Perils, Predictions},
  volume = {123},
  issn = {0030-8129},
  url = {http://www.mlajournals.org/doi/abs/10.1632/pmla.2008.123.3.707},
  doi = {10.1632/pmla.2008.123.3.707},
  shorttitle = {Humanities 2.0},
  pages = {707--717},
  number = {3},
  journaltitle = {{PMLA}},
  shortjournal = {{PMLA}},
  author = {Davidson, Cathy N.},
  urldate = {2020-01-14},
  date = {2008-05},
  langid = {english},
}

@inproceedings{sanderson2013,
  location = {Paris, France},
  title = {Designing the W3C open annotation data model},
  isbn = {978-1-4503-1889-1},
  url = {http://dl.acm.org/citation.cfm?doid=2464464.2464474},
  doi = {10.1145/2464464.2464474},
  eventtitle = {the 5th Annual {ACM} Web Science Conference},
  pages = {366--375},
  booktitle = {Proceedings of the 5th Annual {ACM} Web Science Conference on - {WebSci} '13},
  publisher = {{ACM} Press},
  author = {Sanderson, Robert and Ciccarese, Paolo and Van de Sompel, Herbert},
  urldate = {2020-01-15},
  date = {2013},
  langid = {english},
}

@inproceedings{marshall1997,
  location = {Philadelphia, Pennsylvania, United States},
  title = {Annotation: from paper books to the digital library},
  isbn = {978-0-89791-868-8},
  url = {http://portal.acm.org/citation.cfm?doid=263690.263806},
  doi = {10.1145/263690.263806},
  shorttitle = {Annotation},
  eventtitle = {the second {ACM} international conference},
  pages = {131--140},
  booktitle = {Proceedings of the second {ACM} international conference on Digital libraries  - {DL} '97},
  publisher = {{ACM} Press},
  author = {Marshall, Catherine C.},
  urldate = {2020-01-15},
  date = {1997},
  langid = {english},
}

@article{nowogrodzki2020,
  title = {Eleven tips for working with large data sets},
  volume = {577},
  issn = {0028-0836, 1476-4687},
  url = {http://www.nature.com/articles/d41586-020-00062-z},
  doi = {10.1038/d41586-020-00062-z},
  pages = {439--440},
  number = {7790},
  journaltitle = {Nature},
  shortjournal = {Nature},
  author = {Nowogrodzki, Anna},
  urldate = {2020-01-22},
  date = {2020-01},
  langid = {english},
  keywords = {dat, data, sustainability, versioning, workflows},
}

@inproceedings{kleppmann2019,
  location = {Athens, Greece},
  title = {Local-first software: you own your data, in spite of the cloud},
  isbn = {978-1-4503-6995-4},
  url = {http://dl.acm.org/citation.cfm?doid=3359591.3359737},
  doi = {10.1145/3359591.3359737},
  shorttitle = {Local-first software},
  eventtitle = {the 2019 {ACM} {SIGPLAN} International Symposium},
  pages = {154--178},
  booktitle = {Proceedings of the 2019 {ACM} {SIGPLAN} International Symposium on New Ideas, New Paradigms, and Reflections on Programming and Software  - Onward! 2019},
  publisher = {{ACM} Press},
  author = {Kleppmann, Martin and Wiggins, Adam and van Hardenberg, Peter and {McGranaghan}, Mark},
  urldate = {2020-01-22},
  date = {2019},
  langid = {english},
  keywords = {automerge, crdt, dat, hypercore, local-first, p2p},
}

@patent{matsubara2010,
  title = {Method and apparatus for peer-to peer access},
  url = {https://patents.google.com/patent/US7769881B2/en},
  holder = {Hitachi Ltd},
  type = {patentus},
  number = {7769881B2},
  author = {Matsubara, Daisuke and Miki, Kazuho},
  urldate = {2020-01-26},
  date = {2010-08-03},
  langid = {english},
  keywords = {gateway, network, p2p, peer, server, web},
}

@inproceedings{schollmeier2002,
  location = {Linkoping, Sweden},
  title = {A definition of peer-to-peer networking for the classification of peer-to-peer architectures and applications},
  isbn = {978-0-7695-1503-8},
  url = {http://ieeexplore.ieee.org/document/990434/},
  doi = {10.1109/P2P.2001.990434},
  eventtitle = {First International Conference on Peer-to-Peer Computing},
  pages = {101--102},
  booktitle = {Proceedings First International Conference on Peer-to-Peer Computing},
  publisher = {{IEEE} Comput. Soc},
  author = {Schollmeier, R.},
  urldate = {2020-01-30},
  date = {2002},
}

@online{kreps2013,
  title = {The Log: What every software engineer should know about real-time data's unifying abstraction},
  url = {https://engineering.linkedin.com/distributed-systems/log-what-every-software-engineer-should-know-about-real-time-datas-unifying},
  shorttitle = {The Log},
  titleaddon = {{LinkedIn} Engineering},
  type = {Blog},
  author = {Kreps, Jay},
  urldate = {2020-01-30},
  date = {2013-12-16},
  langid = {english},
}

@software{kassel2020,
  title = {Hyperwell Gateway},
  url = {https://doi.org/10.5281/zenodo.3631524},
  version = {v0.2.0},
  publisher = {Zenodo},
  author = {Ka√üel, Jan},
  date = {2020-01},
  doi = {10.5281/zenodo.3631524}
}

@article{legout2007,
  title = {Clustering and sharing incentives in {BitTorrent} systems},
  volume = {35},
  issn = {01635999},
  url = {http://portal.acm.org/citation.cfm?doid=1269899.1254919},
  doi = {10.1145/1269899.1254919},
  pages = {301},
  number = {1},
  journaltitle = {{ACM} {SIGMETRICS} Performance Evaluation Review},
  shortjournal = {{SIGMETRICS} Perform. Eval. Rev.},
  author = {Legout, Arnaud and Liogkas, Nikitas and Kohler, Eddie and Zhang, Lixia},
  urldate = {2020-01-31},
  date = {2007-06-12},
  langid = {english},
}